<?xml version="1.0" encoding="UTF-8"?><collection xmlns="info:lc/xmlns/marcxchange-v1" xmlns:xsi="http://www.w3.org/2001/XMLSchema-instance" xsi:schemaLocation="info:lc/xmlns/marcxchange-v1 http://www.loc.gov/standards/iso25577/marcxchange-1-1.xsd"><record format="MARC21" type="Bibliographic"><leader>03059cam  2200301 i 4500</leader><controlfield tag="001">   77123332 </controlfield><controlfield tag="003">DLC</controlfield><controlfield tag="005">20051218154744.0</controlfield><controlfield tag="008">981008b2001    ilu           000 0 eng  </controlfield><datafield tag="040" ind1=" " ind2=" "><subfield code="a">DLC</subfield><subfield code="c">DLC</subfield><subfield code="d">DLC</subfield></datafield><datafield tag="010" ind1=" " ind2=" "><subfield code="a">   77123332 </subfield></datafield><datafield tag="245" ind1="0" ind2="0"><subfield code="a">OCLC diacritic and special character test record.</subfield></datafield><datafield tag="260" ind1=" " ind2=" "><subfield code="a">ny :</subfield><subfield code="b">ny,</subfield><subfield code="c">2001.</subfield></datafield><datafield tag="300" ind1=" " ind2=" "><subfield code="a">100 p. ;</subfield><subfield code="c">12 cm.</subfield></datafield><datafield tag="500" ind1=" " ind2=" "><subfield code="a">VOYAGER COLUMN 0  (NEW):  Degree sign (°);  Phono Copyright mark (℗);  Copyright mark (©);  Sharp (♯);  Inverted Question mark (¿);  Inverted Exclamation mark (¡); Eszett (Ç); Euro (È).</subfield></datafield><datafield tag="500" ind1=" " ind2=" "><subfield code="a">VOYAGER COLUMN 1:  Script L (ℓ);  Polish L (Ł);  Scandanavian O (Ø);  D with Crossbar (Đ);  Icelandic Thorn (Þ);  AE Digraph (Æ); OE Digraph (Œ);  Miagkii Znak (ʹ);  Dot at Midline (·).</subfield></datafield><datafield tag="500" ind1=" " ind2=" "><subfield code="a">VOYAGER COLUMN 2:  Musical Flat (♭);  Patent Mark (®);  Plus or Minus (±);  O Hook (Ơ);  U Hook (Ư);  Alif (ʼ);  alpha (gas);  Ayn (ʻ);  Polish l (ł).</subfield></datafield><datafield tag="500" ind1=" " ind2=" "><subfield code="a">VOYAGER COLUMN 3:  Scandanavian o (ø);  d with crossbar (đ);  Icelandic Thorn (ø);  ae Digraph (æ);  oe Digraph (œ);  Tverdii Znak (ʺ);  Turkish i (ı);  British Pound (£);  eth (ð).</subfield></datafield><datafield tag="500" ind1=" " ind2=" "><subfield code="a">VOYAGER COLUMN 4:  Dagger (DO NOT USE);  o Hook (ơ);  u Hook (ư);  Beta (gbs);  Gamma (gcs);  Superscript 0 (p0s);  Superscript 1 (p1s);  Superscript 2 (p2s);  Superscript 3 (p3s).</subfield></datafield><datafield tag="500" ind1=" " ind2=" "><subfield code="a">VOYAGER COLUMN 5:  Superscript 4 (p4s);  Superscript 5 (p5s);  Superscript 6 (p6s);  Superscript 7 (p7s);  Superscript 8 (p8s);  Superscript 9 (p9s);  Superscript + (p+s);  Superscript - (p-s);  Superscript ( (p(s).</subfield></datafield><datafield tag="500" ind1=" " ind2=" "><subfield code="a">VOYAGER COLUMN 6:  Superscript ) (p)s);  Subscript 0 (b0s);  Subscript  1 (b1s);  Subscript 2 (b2s);  Subscript 3 (b3s);  Subscript 4 (b4s);  Subscript 5 (b5s);  Subscript 6 (b6s);  Subscript 7 (b7s).</subfield></datafield><datafield tag="500" ind1=" " ind2=" "><subfield code="a">VOYAGER COLUMN 7:  Subscript 8 (b8s);  Subscript 9 (b9s);  Subscript + (b+s);  Subscript - (b-s);  Subscript ( (b(s);  Subscript ) (b)s);  Pseudo Question Mark (ỏ);  Grave (ò);  Acute (ó).</subfield></datafield><datafield tag="500" ind1=" " ind2=" "><subfield code="a">VOYAGER COLUMN 8:  Circumflex (ô);  Tilde (õ);  Macron (ō);  Breve (ŏ);  Superior Dot (ȯ);  Umlaut (ö);  Hacek (ǒ);  Circle Above (o̊);  Ligature left (o︠).</subfield></datafield><datafield tag="500" ind1=" " ind2=" "><subfield code="a">VOYAGER COLUMN 9:  Ligature right (o︡) ;  High Comma off center (o̕);  Double Acute (ő);  Candrabindu (o̐);  Cedilla (o̧);  Right Hook (ǫ);  Dot Below (ọ);  Double Dot Below (o̤);  Circle Below (o̥).</subfield></datafield><datafield tag="500" ind1=" " ind2=" "><subfield code="a">VOYAGER COLUMN 10:  Double Underscore (o̳);  Underscore (o̲);  Left Hook (o̦);  Right Cedilla (o̡);  Upadhmaniya (o̮);  Double Tilde 1st half (o︢);  Double Tilde 2nd half (o︣) ;  High Comma centered (o̓).</subfield></datafield><datafield tag="500" ind1=" " ind2=" "><subfield code="a">VOYAGER PC Keyboard:  Spacing Circumflex (^); Spacing Underscore (_); Spacing Grave (`); Open Curly Bracket ({); Close Curly Bracket (}); Spacing Tilde (~).</subfield></datafield><datafield tag="500" ind1=" " ind2=" "><subfield code="a">Standard PC Keyboard:   1234567890-=   !@#$%^&amp;*()_+   qwertyuiop[]\   QWERTYUIOP{}|   asdfghjkl;'  ASDFGHJKL:"   zxcvbnm,./   ZXCVBNM&lt;&gt;?</subfield></datafield><datafield tag="500" ind1=" " ind2=" "><subfield code="a">Double Tilde, 1st and 2nd halves (o︢o︣) ; Ligature, both halves (o︠o︡).</subfield></datafield></record></collection>